@article{rothschild1963non,
  title={Non-random distribution of bull spermatozoa in a drop of sperm suspension},
  author={Rothschild},
  journal={Nature},
  volume={198},
  number={4886},
  pages={1221--1222},
  year={1963},
  publisher={Nature Publishing Group UK London}
}

@article{berke2008hydrodynamic,
  title={Hydrodynamic attraction of swimming microorganisms by surfaces},
  author={Berke, Allison P and Turner, Linda and Berg, Howard C and Lauga, Eric},
  journal={Physical Review Letters},
  volume={101},
  number={3},
  pages={038102},
  year={2008},
  publisher={APS}
}

@article{chen2021shape,
  title={Shape matters: a Brownian microswimmer in a channel},
  author={Chen, Hongfei and Thiffeault, Jean-Luc},
  journal={Journal of Fluid Mechanics},
  volume={916},
  pages={A15},
  year={2021},
  publisher={Cambridge University Press}
}

@article{ai2013rectification,
  title={Rectification and diffusion of self-propelled particles in a two-dimensional corrugated channel},
  author={Ai, Bao-quan and Chen, Qiu-yan and He, Ya-feng and Li, Feng-guo and Zhong, Wei-rong},
  journal={Physical Review E},
  volume={88},
  number={6},
  pages={062129},
  year={2013},
  publisher={APS}
}

@book{erban2020stochastic,
  title={Stochastic modelling of reaction--diffusion processes},
  author={Erban, Radek and Chapman, S Jonathan},
  volume={60},
  year={2020},
  publisher={Cambridge University Press}
}

@manual{comsol,
  author    = {{COMSOL AB}},
  title     = {{COMSOL MultiphysicsÂ® v6.3}},
  year      = {2024},
  address   = {Stockholm, Sweden},
  note      = {Available: \url{https://www.comsol.com}}
}

@article{spagnolie2015geometric,
  title={Geometric capture and escape of a microswimmer colliding with an obstacle},
  author={Spagnolie, Saverio E and Moreno-Flores, Gregorio R and Bartolo, Denis and Lauga, Eric},
  journal={Soft Matter},
  volume={11},
  number={17},
  pages={3396--3411},
  year={2015},
  publisher={Royal Society of Chemistry}
}


@article{fu2021fokker,
  title={Fokker--Plank system for movement of micro-organism population in confined environment},
  author={Fu, Jingyi and Perthame, Benoit and Tang, Min},
  journal={Journal of Statistical Physics},
  volume={184},
  number={1},
  pages={1},
  year={2021},
  publisher={Springer}
}
